
@misc{iowadot,
title="Iowa Motor Vehicle Crashes - 1925 to 2020",
year={2022},
author={{Iowa Department of Transportation}},
url={https://iowadot.gov/mvd/stats/crashhistory.pdf},
}

@misc{timeanddate, 
title={Ames, Iowa, USA - sunrise, sunset, and daylength in 2020},
year={1995--},
url={https://www.timeanddate.com/sun/usa/ames}, 
author={Time and Date AS}
} 
 
@misc{duskdawn, 
 title={Safe Driving Dusk and Dawn}, 
 year={2020},
 url={https://delawaresafety.org/resources/Documents/Safety%20Documents/Safe%20Driving%20-%20%20Dusk%20and%20Dawn.pdf}, 
 author={Delaware Safety Council}} 
 
@misc{causeofdeath,
title={Road Traffic Injuries and Deathsâ€”A Global Problem},
year={2020},
url={https://www.cdc.gov/injury/features/global-road-safety/index.html},
author={CDC}}